<?xml version="1.0" encoding="UTF-8"?><collection xmlns="http://www.loc.gov/MARC21/slim"><record><leader>00428nam--2200109-i-4500</leader><controlfield tag="001">000017412</controlfield><controlfield tag="002">20161230</controlfield><controlfield tag="005">20161230201032</controlfield><controlfield tag="008">060222s1000------------r-----000-0-eng-d</controlfield><datafield ind1=" " ind2=" " tag="245"><subfield code="a">Actes de la conference internationale sur l utilisation de l energue atomique a des fins pacifiques, tenue a geneve du 8 au 20 aout 1955: besoins du monde en energie et role de l energie nucleaire</subfield></datafield><datafield ind1=" " ind2=" " tag="260"><subfield code="a">Geneve, Nations Univ., 1956</subfield></datafield><datafield ind1=" " ind2=" " tag="852"><subfield code="a">10891</subfield></datafield></record></collection>